@Article{judea-pearl-heuristics,
Author = {Judea Pearl},
Title = {Heuristics: Intelligent Search Strategies for Computer Problem Solving},
Journal = {Library of Congress Cataloging in Publication Data},
Year = {1984},
}

@Article{orchestrated-survey-automated-test,
Author = {Saswat Anand{,} Edmund K.Burke{,} Tsong Yueh Chen{,} John Clark{,} Myra B.Cohen{,} Wolfgang Grieskamp{,} Mark Harman{,} Mary Jean Harrold{,} Phil McMinn},
Title = {An Orchestrated Survey on Automated Software Test Case Generation},
Journal = {The journal of Systems and Software},
Year = {2013},
}

@Article{ariane5,
Author = {Prof. J. L. LIONS},
Title = {ARIANE 5 Flight 501 Failure Report by the Inquiry Board },
Year = {1996},
}

@Article{symbolic-execution-by-king,
Author = {James C. King},
Title = {Symbolic Execution and Program Testing},
Year = {1976},
}

@Article{software-cost,
Author = {B. Hailpern{,} P. Santhanam},
Title = {Software debugging, testing, and verification},
Year = {2002},
}

@Article{search-based-testing,
Author = {Phil McMinn},
Title = {Search-Based Software Testing: Past, Present and Future},
Journal = {2011 Fourth International Conference on Software Testing, Verification and Validation Workshops},
Year = {2011},
}

@Article{search-based-software-engineering,
Author = {Mark Harman{,} Bryan FJones},
Title = {Search-based software engineering},
Journal = {Journal of Systems and Software, Volume 103, 2015, p. 266},
Year = {2001},
}

@Article{test-auto-solved-yet,
Author = {Kiran Lakhotia{,} Phil McMinn{,} Mark Harman},
Title = {Automated Test Data Generation for Coverage: Haven’t We Solved This Problem Yet?},
Journal = {Academic and Industrial Conference - Practice and Research Techniques},
Year = {2009},
}

@Article{description-a*,
Author = {Peter E. Hart{,} Nils J. Nillson{,} Bertram Raphael},
Title = {A Formal Basis for the Heuristic Determination of Minimum Cost Paths},
Journal = {IEEE Transactions of systems science and cybernetics},
Year = {1968},
}

@Article{Dijkstra,
Author = {E. W. Dijkstra},
Title = {A Note on Two Problems in Connexion with Graphs},
Year = {1959},
}

@Article{jfpp-test,
Author = {E. W. Dijkstra},
Title = {Jean-François Pradat-Peyre, Jacques Printz},
Year = {2017},
}

@Article{MCTS-methods-survey,
Author = {Cameron Browne{,}  Edward Powley{,}  Daniel Whitehouse{,} Simon Lucas{,} Peter I. Cowling{,} Philipp Rohlfshagen{,} Stephen Tavener{,} Diego Perez{,} Spyridon Samothrakis and Simon Colton},
Title = {A Survey of Monte Carlo Tree Search Methods},
Journal = {IEEE TRANSACTIONS ON COMPUTATIONAL INTELLIGENCE AND AI IN GAMES},
Url = {http://mcts.ai/pubs/mcts-survey-master.pdf},
Year = {2012},
}

@Article{MTCS-symbolic-execution-path-exploration,
Author = {Chao-chun Yeh{,} Han-lin Lu{,} Jia-jun Yeh and Skih-kun Huang},
Title = {Path Exploration Base on Monte Carlo Tree Search for Symbolic Execution},
Journal = {Conference on Technologies and Applications of Artificial Intelligence (TAAI) (2017)},
Url = {https://www.computer.org/csdl/proceedings/taai/2017/4203/00/4203a033-abs.html}
}

@Article{MTCS-program-synthesis,
Author = {Jinsuk Lim and Shin Yoo},
Title = {Applying Monte Carlo Tree Search for Program Synthesis},
Journal = {International Symposium on Search Based Software Engineering},
Url = {https://link.springer.com/chapter/10.1007/978-3-319-47106-8_27},
Year = {2016}
}

@Article{MTCS-symbolic-execution-less-path,
Author = {You Li{,} Zhendong Su{,} Linzhang Wang and Xuandong Li},
Title = {Steering Symbolic Execution to Less Traveled Paths},
Url = {https://dl.acm.org/citation.cfm?id=2509553},
Year = {2013}
}

@Article{testing-and-machine-learning,
Author = {Alex Groce{,} Alan Fern{,} Martin Erwig{,} Jervis Pinto{,} Tim Bauer and Amin
Alipour},
Title = {Learning-Based Test Programming for Programmers},
Journal = {International Symposium On Leveraging Applications of Formal Methods, Verification and Validation},
Url = {https://link.springer.com/chapter/10.1007/978-3-642-34026-0_42},
Year = {2012}
}

@Article{test-data-generation-water-drop,
Author = {Praveen Ranjan Srivastava{,} Amitkumar Patel{,} Kunal Patel and Prateek Vijaywargiya},
Title = {Test Data Generation Based on Test Path Discovery Using Intelligent Water Drop},
Url = {https://dl.acm.org/citation.cfm?id=2603220},
Year = {2012}
}

@Article{symbolic-execution-machine-learning,
Author = {Xin Li{,} Yongjuan Liang{,} Hong Qian{,} Yi-Qi Hu{,} Lei Bu{,} Yang Yu{,} Xin Chen and Xuandong Li},
Title = {Symbolic Execution of Complex Program Driven by Machine Learning Based Constraint Solving },
Journal = {2016 31st IEEE/ACM International Conference on Automated Software Engineering},
Url = {https://ieeexplore.ieee.org/document/7582790/},
Year = {2016}
}

%----------------------------------------------------------------------------------------
%	Ancien
%----------------------------------------------------------------------------------------    
@Article{testsurvey,
author = {Saswat Anand{,} Edmund Burke{,} Tsong Yueh Chen{,} John Clark{,} Myra B. Cohen{,} Wolfgang Grieskamp{,} Mark Harman{,} Mary Jean Harrold{,} Phil McMinn},
title = {An Orchestrated Survey on Automated Software Test Case Generation},
journal = {Journal of Systems and Software (JSS)},
year = {2013},
}

@Article{shadow,
author = {Hristina Palikareva{,} Tomasz Kuchta{,} Cristian Cadar},
title = {Shadow of a Doubt: Testing for Divergences between Software Versions},
journal = {Software Engineering (ICSE) 2016 IEEE/ACM 38th International Conference on},
year = {2016},
}

@Article{EFSM,
author = {Rui Yang{,} Zhenyu Chen{,} Zhiyi Zhang{,} Baowen Xu},
title = {EFSM-Based Test Case Generation: Sequence{,} Data{,} and Oracle},
journal = {Software Engineering (ICSE) 2016 IEEE/ACM 38th International Conference on},
year = {2014},
}

@Article{ART,
author = {L.J. White{,} E.I. Cohen},
title = {A Domain Strategy for Computer Program Testing},
journal = { IEEE Transactions on Software Engineering},
year = {1980},
}

@Article{AlphaGo-research,
author = {David Silver{,} Julian Schrittwieser{,} Karen Simonyan et al.},
title = {Mastering the Game of Go without Human Knowledge},
journal = {Nature},
year = {2017},
Url = {https://deepmind.com/research/publications/mastering-game-go-without-human-knowledge/},
}
